% ГОСТ Р 7.0.11-2011, Приложение Б, Книги
@BOOK{CleanArc,
  author = {Роберт, М. C.},
  title = {Чистая архитектура},
  publisher = {Питер},
  year = {2009},
  numpages = {401},
  language = {russian}
}

@BOOK{OnionArc,
  author = {Франсиса Д. К.},
  title = {Все об архитектуре},
  publisher = {ОГИЗ},
  year = {2017},
  numpages = {448},
  language = {russian}
}

@BOOK{HexagonalArc,
  author = {Davi, V. E.},
  title = {Designing Hexagonal Architecture with Java},
  publisher = {СПБ},
  year = {2022},
  numpages = {311},
  language = {russian}
}

@BOOK{Microservices,
  author = {Таненбаум, Э. E. and Стивен, В. M.},
  title = {Таненбаум, Стин: Распределенные системы},
  publisher = {ДМК-Пресс},
  year = {2021},
  numpages = {584},
  language = {russian}
}

@BOOK{Highload,
  author = {Мартин, К. R.},
  title = {Высоконагруженные приложения},
  publisher = {Sprint book},
  year = {2018},
  numpages = {293},
  language = {russian}
}

@BOOK{BaseArc,
  author = {Марк, R. E. and Neal, F. D.},
  title = {Основы архитектуры программного обеспечения: инженерный подход},
  publisher = {O REILLY},
  year = {2023},
  numpages = {451},
  language = {russian}
}

@BOOK{Auth,
  author = {Chestnykh D.},
  title = {Password Authentication for Web and Mobile Apps},
  publisher = {O REILLY},
  year = {2014},
  numpages = {214},
  language = {russian}
} 

@BOOK{GRPC,
  author = {Индрасири К. T., and Курупу Д. A.},
  title = {gRPC: запуск и эксплуатация облачных приложений.},
  publisher = {Питер},
  year = {2021},
  numpages = {312},
  language = {russian}
}

@BOOK{Kafka,
  author = {Шапира, Г. A., and Палино, Т. П.},
  title = {Apache Kafka. Потоковая обработка и анализ данных, 2-е издание},
  publisher = {Питер},
  year = {2023},
  numpages = {123},
  language = {russian}
} 

@BOOK{Kafka,
  author = {Шапира, Г. A., and Палино, Т. П.},
  title = {Apache Kafka. Потоковая обработка и анализ данных, 2-е издание},
  publisher = {Питер},
  year = {2023},
  numpages = {123},
  language = {russian}
}

@BOOK{Postgresql,
  author = {Ткачев О. И.},
  title = {PostgreSQL: SQL + PL/pgSQL для тех, кто хочет стать профессионалом},
  publisher = {Наука и техника},
  year = {2024},
  numpages = {480},
  language = {russian}
}

@BOOK{Postgresql,
  author = {Ткачев О. И.},
  title = {PostgreSQL: SQL + PL/pgSQL для тех, кто хочет стать профессионалом},
  publisher = {Наука и техника},
  year = {2024},
  numpages = {480},
  language = {russian}
}
